<marc:record xmlns:marc="http://www.loc.gov/MARC21/slim" xmlns:xsi="http://www.w3.org/2001/XMLSchema-instance" xsi:schemaLocation="http://www.loc.gov/MARC21/slim http://www.loc.gov/standards/marcxml/schema/MARC21slim.xsd">
<marc:leader>00340nas a22001570a 45 0</marc:leader>
<marc:controlfield tag="001">1348811</marc:controlfield>
<marc:controlfield tag="003">NL-AMISG</marc:controlfield>
<marc:controlfield tag="005">19950210234845.0</marc:controlfield>
<marc:controlfield tag="008">199502suuuuuuuucn |||||||||||||||||eng d</marc:controlfield>
<marc:datafield ind1=" " ind2=" " tag="035">
<marc:subfield code="a">(IISG)IISGb10649502</marc:subfield>
</marc:datafield>
<marc:datafield ind1=" " ind2=" " tag="040">
<marc:subfield code="a">NL-AmISG</marc:subfield>
</marc:datafield>
<marc:datafield ind1="0" ind2=" " tag="041">
<marc:subfield code="a">eng</marc:subfield>
</marc:datafield>
<marc:datafield ind1=" " ind2=" " tag="044">
<marc:subfield code="a">xxc</marc:subfield>
<marc:subfield code="a">us</marc:subfield>
</marc:datafield>
<marc:datafield ind1="1" ind2="0" tag="245">
<marc:subfield code="a">New libertarian weekly /</marc:subfield>
<marc:subfield code="c">New Libertarian Movement.</marc:subfield>
</marc:datafield>
<marc:datafield ind1=" " ind2=" " tag="260">
<marc:subfield code="a">Edmonton.</marc:subfield>
</marc:datafield>
<marc:datafield ind1="2" ind2=" " tag="710">
<marc:subfield code="a">New Libertarian Movement.</marc:subfield>
<marc:subfield code="0">(NL-AMISG)214967</marc:subfield>
</marc:datafield>
<marc:datafield ind1="4" ind2=" " tag="852">
<marc:subfield code="a">IISG</marc:subfield>
<marc:subfield code="b">IISG</marc:subfield>
<marc:subfield code="c">IISG</marc:subfield>
<marc:subfield code="j">ZDK 39862</marc:subfield>
<marc:subfield code="n">Available</marc:subfield>
<marc:subfield code="p">Z110411</marc:subfield>
</marc:datafield>
<marc:datafield ind1="0" ind2="0" tag="853">
<marc:subfield code="8">2</marc:subfield>
<marc:subfield code="a">(ISS)</marc:subfield>
</marc:datafield>
<marc:datafield ind1="5" ind2="0" tag="863">
<marc:subfield code="8">2.1</marc:subfield>
<marc:subfield code="a">ISS</marc:subfield>
<marc:subfield code="p">P863.10309515</marc:subfield>
<marc:subfield code="t">1</marc:subfield>
</marc:datafield>
<marc:datafield ind1="5" ind2="0" tag="866">
<marc:subfield code="a">3(1975):no.1(Advance iss.)</marc:subfield>
</marc:datafield>
<marc:datafield ind1=" " ind2=" " tag="901">
<marc:subfield code="a">1348811</marc:subfield>
<marc:subfield code="b">Unknown</marc:subfield>
<marc:subfield code="c">1348811</marc:subfield>
<marc:subfield code="t">biblio</marc:subfield>
</marc:datafield>
<marc:datafield ind1=" " ind2=" " tag="902">
<marc:subfield code="a">10622/0D597FFF-8654-4854-84C4-D656B3D7CF98</marc:subfield>
</marc:datafield>
</marc:record>